comment{===========================  Textbooks  ===========================}

@book{Press:2007:NRE:1403886,
 author = {{Press, William H.} and {Teukolsky, Saul A.} and {Vetterling, William T.} and {Flannery, Brian P.}},
 title = {Numerical Recipes 3rd Edition: The Art of Scientific Computing},
 year = {2007},
 isbn = {0521880688, 978-0521880688},
 edition = {3},
 publisher = {Cambridge University Press},
 address = {New York, NY, USA},
}

@book{hecht2002optics,
  title="Optics",
  author="Hecht, Eugene",
  edition = "4",
  isbn="978-0321188786",
  lccn="2001032540",
  series="Pearson education",
  year="2002",
  publisher="Addison-Wesley"
}

@book{pozar2009microwave,
  title="Microwave engineering",
  author="Pozar, David M.",
  year="2009",
  publisher={John Wiley \& Sons}
}


@book{siegman1986lasers,
  title={Lasers},
  author={Siegman, A. E.},
  isbn="978-0935702118",
  lccn={81051269},
  year={1986},
  publisher={University Science Books}
}

@book{goldsmith1998quasioptical,
  title={Quasioptical Systems: Gaussian Beam Quasioptical Propagation and Applications},
  author={Goldsmith, P.F.},
  isbn="9788487189555",
  lccn={97039614},
  series={IEEE Press/Chapman \& Hall Publishers series on microwave technology and RF},
  year={1998},
  publisher={Springer}
}

@book{goodman1985statistical,
  title="Statistical optics",
  author="Goodman, Joseph W.",
  publisher="Wiley-Interscience",
  year={1985}
}

@book{stratton1941electromagnetic,
  title={Electromagnetic theory},
  author={Stratton, Julius Adams},
  year={1941},
  publisher={McGraw-Hill}
}

@book{jackson1998classical,
  author="John David Jackson",
  title="Classical Electrodynamics",
  edition="3",
  publisher="Wiley",
  year="1998",
  ISBN="978-0471309321",
}

@book{nilsson2007electric,
  author="James W. Nilsson and Susan Riedel",
  title="Electric Circuits",
  edition="8",
  publisher="Prentice Hall",
  year="2007",
  ISBN="978-0131989252",
}



comment{==============================  Optics  ==============================}

@article{jones1941calculus,
author = "Jones, Robert Clark", 
journal = {J. Opt. Soc. Am.}, 
number = {7}, 
pages = {488--493}, 
publisher = {OSA},
title = "A new calculus for the treatment of optical systems",
volume = {31}, 
month = jul,
year = {1941},
}

@techreport{mueller1943memorandum,
  author="Mueller, Hans",
  title="Memorandum on the polarization optics of the photoelastic shutter",
  year="1943",
  month=nov,
  number="2",
  institution="OSRD project OEMsr-576",
}

@misc{wiki:fresnel,
   author = "Wikipedia",
   title = "Fresnel equations --- Wikipedia{,} The Free Encyclopedia",
   year = "2014",
   url = "http://en.wikipedia.org/w/index.php?title=Fresnel_equations&oldid=633101379",
   note = "[Online; accessed 20-November-2014]"
}


comment{===========================  Optical elements  ===========================}

@article{martin1982polarizing,
  title={Polarizing ({M}artin-{P}uplett) interferometric spectrometers for the near-and submillimeter spectra},
  author={Martin, D. H.},
  journal={Infrared and millimeter waves},
  volume={6},
  pages={65--148},
  year={1982},
  publisher={Academic, New York}
}

@article{lambert1978martin,
  title={Martin-Puplett interferometer: an analysis},
  author={Lambert, D. K. and Richards, P. L.},
  journal={Applied Optics},
  volume={17},
  number={10},
  pages={1595--1602},
  year={1978},
  publisher={Optical Society of America}
}

@article{houde_2001,
     title = {Polarizing Grids, Their Assemblies, and Beams of Radiation},
     author = {Martin Houde and Rachel L. Akeson and John E. Carlstrom and James W. Lamb and David A. Schleuning and David P. Woody},
     journal = {Publications of the Astronomical Society of the Pacific},
     volume = {113},
     number = {783},
     pages = {pp. 622-638},
     ISSN = {00046280},
     abstract = {ABSTRACT This paper gives an analysis of the behavior of polarizing grids and reflecting polarizers by solving Maxwell’s equations, for arbitrary angles of incidence and grid rotation, for cases where the excitation is provided by an incident plane wave or a beam of radiation. The scattering and impedance matrix representations are derived and used to solve more complicated configurations of grid assemblies. The results are also compared with data obtained in the calibration of reflecting polarizers at the Owens Valley Radio Observatory. From this analysis, we propose a method for choosing the optimum grid parameters (wire radius and spacing). We also provide a study of the effects of two types of errors (in wire separation and radius size) that can be introduced in the fabrication of a grid.},
     year = {2001},
     publisher = {The University of Chicago Press on behalf of the Astronomical Society of the Pacific},
     copyright = {Copyright © 2001 The University of Chicago Press},
}

@article{kooiSIS,
year={1994},
issn={0195-9271},
journal={International Journal of Infrared and Millimeter Waves},
volume={15},
number={3},
doi={10.1007/BF02096231},
title={A lownoise 665 GHz SIS quasi-particle waveguide receiver},
ignored_url={http://dx.doi.org/10.1007/BF02096231},
publisher={Kluwer Academic Publishers-Plenum Publishers},
author={Kooi, J.W. and Walker, C.K. and LeDuc, H.G. and Schaffer, P.L. and Hunter, T.R. and Benford, D.J. and Phillips, T.G.},
pages={477-492},
language={English}
}

@book{kooi2008,
  title={Advanced receivers for submillimeter and far infrared astronomy},
  author={Kooi, Jacob Willem},
  year={2008},
  publisher={Rijkuniversiteit Groningen}
}

@article{huisman2011cryogenic,
  title={Cryogenic mechatronic design of the HIFI Focal Plane Chopper},
  author={Huisman, R and Aalders, JWG and Eggens, MJ and Evers, J and Jacobs, HM and Van Leeuwen, BJ and Nieuwenhuizen, ACT and Ploeger, GR and Wildeman, KJ and Jayawardhana, B and others},
  journal={Mechatronics},
  volume={21},
  number={8},
  pages={1259--1271},
  year={2011},
  publisher={Elsevier}
}

@inproceedings{klaassen2003scattering,
  title={Scattering of sub-millimeter radiation from rough surfaces: absorbers and diffuse reflectors for HIFI and PACS},
  author={Klaassen, Tjeerd O and Blok, John H and Hovenier, J Niels and Jakob, Gerd and Rosenthal, Dirk and Wildeman, Klaas J},
  booktitle={Astronomical Telescopes and Instrumentation},
  pages={788--796},
  year={2003},
  organization={International Society for Optics and Photonics}
}

@techreport{jellema2003csa,
  title="Optical Redesign and Optimization {HIFI} {C}alibration {S}ource {A}ssembly",
  author="Willem Jellema",
  year="2003",
  month="july",
  number="FPSS-00479",
  institution="SRON",
}

@article{clarricoats1966propagation,
  title="Propagation in anisotropic radially stratified circular waveguides",
  author={Clarricoats, PJB and Olver, AD},
  journal={Electronics Letters},
  volume={2},
  number={1},
  pages={37--38},
  year={1966},
  publisher={IET}
}



comment{===========================  Materials  ===========================}

@article{lamb1996miscellaneous,
  title={Miscellaneous data on materials for millimetre and submillimetre optics},
  author={Lamb, James W.},
  journal={International Journal of Infrared and Millimeter Waves},
  volume={17},
  number={12},
  pages={1997--2034},
  year={1996},
  publisher={Springer}
}

@inproceedings{bowler2006frequency,
  title={Frequency-Dependence of Relative Permeability in Steel},
  author={Bowler, N.},
  booktitle={AIP Conference Proceedings},
  volume={820},
  pages={1269},
  year={2006}
}

comment{=======================  General calibration  =======================}

@article{ulich1976absolute,
  title={Absolute calibration of millimeter-wavelength spectral lines.},
  author={Ulich, BL and Haas, RW},
  journal={The Astrophysical Journal Supplement Series},
  volume={30},
  pages={247--258},
  year={1976}
}

@article{kutner1981recommendations,
  title={Recommendations for calibration of millimeter-wavelength spectral line data},
  author={Kutner, Marc L and Ulich, BL},
  journal={The Astrophysical Journal},
  volume={250},
  pages={341--348},
  year={1981}
}

@techreport{mangum2006tempscales,
    author = {{Mangum}, J.~G.},
    title = "{Temperature Scales and Telescope Efficiencies}",
institution = {National Radio Astronomy Observatory},
    year = 2006,
    pages = {}
}

@article{comito2002deconvolution,
  title={Reconstructing reality: Strategies for sideband deconvolution},
  author={Comito, C and Schilke, P},
  journal={A\&A},
  volume={395},
  pages={357--371},
  year={2002}
}



comment{===========================  ISO  ===========================}

@article{isoHandbook1,
  title={The ISO Handbook, Volume I-Mission \& Satellite Overview},
  author={Kessler, Martin F and M{\"u}ller, TG and Leech, K and Arviset, C and Garcia-Lario, P and Metcalfe, L and Pollock, A and Prusti, T and Salama, A},
  journal={The ISO Handbook', Volume I-Mission \& Satellite Overview. Version 2.0 (July, 2003). Series edited by TG Mueller, JADL Blommaert, and P. Garcia-Lario. ESA SP-1262, ISBN No. 92-9092-968-5, ISSN No. 0379-6566. European Space Agency, 2003.},
  volume={1},
  year={2003}
}

@article{isoHandbook5,
  title={The ISO Handbook, Volume V-SWS-The Short Wavelength Spectrometer},
  author={Leech, Kieron and Kester, D and Shipman, R and Beintema, D and Feuchtgruber, H and Heras, A and Huygen, R and Lahuis, F and Lutz, D and Morris, P and others},
  journal={The ISO Handbook', Volume V-SWS-The Short Wavelength Spectrometer Version 2.0. 1 (June, 2003). Series edited by TG Mueller, JADL Blommaert, and P. Garcia-Lario. ESA SP-1262, ISBN No. 92-9092-968-5, ISSN No. 0379-6566. European Space Agency, 2003.},
  volume={1},
  year={2003}
}


comment{=============================  ALMA  =============================}
@article{mena2007,
  title={Construction of a Side Band Separating Heterodyne Mixer for Band 9 of ALMA},
  author={Mena, FP and Kooi, JW and Baryshev, AM and Lodewijk, CFJ and Hesper, R and Wild, W and Klapwijk, TM},
  journal={Proc. 18th. ISSTT},
  pages={39--43},
  year={2007}
}

comment{===========================  Herschel  ===========================}

@article{AA_518_L1,
	author = {{Pilbratt, G. L.} and {Riedinger, J. R.} and {Passvogel, T.} and {Crone, G.} and {Doyle, D.} and {Gageur, U.} and {Heras, A. M.} and {Jewell, C.} and {Metcalfe, L.} and {Ott, S.} and {Schmidt, M.}},
	title = {Herschel Space Observatory},
	ignored_DOI= "10.1051/0004-6361/201014759",
	ignored_url= "http://dx.doi.org/10.1051/0004-6361/201014759",
	journal = {A\&A},
	year = 2010,
	volume = 518,
	pages = "L1",
	month = "",
}



@inproceedings{Sein2004mirror,
  title={A $\Phi$ 3.5 m diameter Sic telescope for Herschel mission},
  author={Sein, Emmanuel and Toulemont, Yves and Safa, Frederic and Duran, Michel and Deny, Pierre and de Chambure, Daniel and Passvogel, Thomas and Pilbratt, Goeran L},
  booktitle={Astronomical Telescopes and Instrumentation},
  pages={606--618},
  year={2003},
  organization={International Society for Optics and Photonics}
}

comment{===========================  HIFI  ===========================}

@article{AA_518_L6,
	author = {{de Graauw, Th.} and {Helmich, F. P.} and {Phillips, T. G.} and {Stutzki, J.} and {Caux, E.} and {Whyborn, N. D.} and {Dieleman, P.} and {Roelfsema, P. R.} and {Aarts, H.} and {Assendorp, R.} and {Bachiller, R.} and {Baechtold, W.} and {Barcia, A.} and {Beintema, D. A.} and {Belitsky, V.} and {Benz, A. O.} and {Bieber, R.} and {Boogert, A.} and {Borys, C.} and {Bumble, B.} and {Ca\"{\i}s, P.} and {Caris, M.} and {Cerulli-Irelli, P.} and {Chattopadhyay, G.} and {Cherednichenko, S.} and {Ciechanowicz, M.} and {Coeur-Joly, O.} and {Comito, C.} and {Cros, A.} and {de Jonge, A.} and {de Lange, G.} and {Delforge, B.} and {Delorme, Y.} and {den Boggende, T.} and {Desbat, J.-M.} and {Diez-Gonz\'alez, C.} and {Di Giorgio, A. M.} and {Dubbeldam, L.} and {Edwards, K.} and {Eggens, M.} and {Erickson, N.} and {Evers, J.} and {Fich, M.} and {Finn, T.} and {Franke, B.} and {Gaier, T.} and {Gal, C.} and {Gao, J. R.} and {Gallego, J.-D.} and {Gauffre, S.} and {Gill, J. J.} and {Glenz, S.} and {Golstein, H.} and {Goulooze, H.} and {Gunsing, T.} and {G\"usten, R.} and {Hartogh, P.} and {Hatch, W. A.} and {Higgins, R.} and {Honingh, E. C.} and {Huisman, R.} and {Jackson, B. D.} and {Jacobs, H.} and {Jacobs, K.} and {Jarchow, C.} and {Javadi, H.} and {Jellema, W.} and {Justen, M.} and {Karpov, A.} and {Kasemann, C.} and {Kawamura, J.} and {Keizer, G.} and {Kester, D.} and {Klapwijk, T. M.} and {Klein, Th.} and {Kollberg, E.} and {Kooi, J.} and {Kooiman, P.-P.} and {Kopf, B.} and {Krause, M.} and {Krieg, J.-M.} and {Kramer, C.} and {Kruizenga, B.} and {Kuhn, T.} and {Laauwen, W.} and {Lai, R.} and {Larsson, B.} and {Leduc, H. G.} and {Leinz, C.} and {Lin, R. H.} and {Liseau, R.} and {Liu, G. S.} and {Loose, A.} and {L\'opez-Fernandez, I.} and {Lord, S.} and {Luinge, W.} and {Marston, A.} and {Mart\'{\i}n-Pintado, J.} and {Maestrini, A.} and {Maiwald, F. W.} and {McCoey, C.} and {Mehdi, I.} and {Megej, A.} and {Melchior, M.} and {Meinsma, L.} and {Merkel, H.} and {Michalska, M.} and {Monstein, C.} and {Moratschke, D.} and {Morris, P.} and {Muller, H.} and {Murphy, J. A.} and {Naber, A.} and {Natale, E.} and {Nowosielski, W.} and {Nuzzolo, F.} and {Olberg, M.} and {Olbrich, M.} and {Orfei, R.} and {Orleański, P.} and {Ossenkopf, V.} and {Peacock, T.} and {Pearson, J. C.} and {Peron, I.} and {Phillip-May, S.} and {Piazzo, L.} and {Planesas, P.} and {Rataj, M.} and {Ravera, L.} and {Risacher, C.} and {Salez, M.} and {Samoska, L. A.} and {Saraceno, P.} and {Schieder, R.} and {Schlecht, E.} and {Schl\"oder, F.} and {Schm\"ulling, F.} and {Schultz, M.} and {Schuster, K.} and {Siebertz, O.} and {Smit, H.} and {Szczerba, R.} and {Shipman, R.} and {Steinmetz, E.} and {Stern, J. A.} and {Stokroos, M.} and {Teipen, R.} and {Teyssier, D.} and {Tils, T.} and {Trappe, N.} and {van Baaren, C.} and {van Leeuwen, B.-J.} and {van de Stadt, H.} and {Visser, H.} and {Wildeman, K. J.} and {Wafelbakker, C. K.} and {Ward, J. S.} and {Wesselius, P.} and {Wild, W.} and {Wulff, S.} and {Wunsch, H.-J.} and {Tielens, X.} and {Zaal, P.} and {Zirath, H.} and {Zmuidzinas, J.} and {Zwart, F.}},
	title = "The {H}erschel-{H}eterodyne {I}nstrument for the {F}ar-{I}nfrared ({HIFI})",
	ignored_DOI= "10.1051/0004-6361/201014698",
	ignored_url= "http://dx.doi.org/10.1051/0004-6361/201014698",
	journal = {A\&A},
	year = 2010,
	volume = 518,
	pages = "L6",
	month = "",
}

@article{AA_537_A17,
	author = {{Roelfsema, P. R.} and {Helmich, F. P.} and {Teyssier, D.} and {Ossenkopf, V.} and {Morris, P.} and {Olberg, M.} and {Shipman, R.} and {Risacher, C.} and {Akyilmaz, M.} and {Assendorp, R.} and {Avruch, I. M.} and {Beintema, D.} and {Biver, N.} and {Boogert, A.} and {Borys, C.} and {Braine, J.} and {Caris, M.} and {Caux, E.} and {Cernicharo, J.} and {Coeur-Joly, O.} and {Comito, C.} and {de Lange, G.} and {Delforge, B.} and {Dieleman, P.} and {Dubbeldam, L.} and {de Graauw, Th.} and {Edwards, K.} and {Fich, M.} and {Flederus, F.} and {Gal, C.} and {di Giorgio, A.} and {Herpin, F.} and {Higgins, D. R.} and {Hoac, A.} and {Huisman, R.} and {Jarchow, C.} and {Jellema, W.} and {de Jonge, A.} and {Kester, D.} and {Klein, T.} and {Kooi, J.} and {Kramer, C.} and {Laauwen, W.} and {Larsson, B.} and {Leinz, C.} and {Lord, S.} and {Lorenzani, A.} and {Luinge, W.} and {Marston, A.} and {Mart\'{\i}n-Pintado, J.} and {McCoey, C.} and {Melchior, M.} and {Michalska, M.} and {Moreno, R.} and {M\"uller, H.} and {Nowosielski, W.} and {Okada, Y.} and {Orleański, P.} and {Phillips, T. G.} and {Pearson, J.} and {Rabois, D.} and {Ravera, L.} and {Rector, J.} and {Rengel, M.} and {Sagawa, H.} and {Salomons, W.} and {S\'anchez-Su\'arez, E.} and {Schieder, R.} and {Schl\"oder, F.} and {Schm\"ulling, F.} and {Soldati, M.} and {Stutzki, J.} and {Thomas, B.} and {Tielens, A. G. G. M.} and {Vastel, C.} and {Wildeman, K.} and {Xie, Q.} and {Xilouris, M.} and {Wafelbakker, C.} and {Whyborn, N.} and {Zaal, P.} and {Bell, T.} and {Bjerkeli, P.} and {de Beck, E.} and {Cavali\'e, T.} and {Crockett, N. R.} and {Hily-Blant, P.} and {Kama, M.} and {Kaminski, T.} and {Lefl\'och, B.} and {Lombaert, R.} and {De Luca, M.} and {Makai, Z.} and {Marseille, M.} and {Nagy, Z.} and {Pacheco, S.} and {van der Wiel, M. H. D.} and {Wang, S.} and {Yildiz, U.}},
	title = "In-orbit performance of Herschel-HIFI",
	ignored_DOI= "10.1051/0004-6361/201015120",
	ignored_url= "http://dx.doi.org/10.1051/0004-6361/201015120",
	journal = {A\&A},
	year = 2012,
	volume = 537,
	pages = "A17",
	month = "",
}

comment{===========================  HIFI calibration  ===========================}

@techreport{ossenkopf2002intensity,
  title="The intensity calibration for {HIFI}",
  author="Volker Ossenkopf",
  year="2002",
  note="{ALMA} Memo 442.1",
  institution="ALMA Memo"
}

@techreport{whyborn2002standingwaves,
  title="{HIFI} signal standing wave sensitivity",
  author="Whyborn, Nick D.",
  year="2002",
  note="SRON-G/HIFI/TN/2002-003 issue 1.2",
  institution="SRON"
}

@techreport{risacher2011standingwaves,
  title="Calibration impact of {HIFI} standing waves",
  author="Risacher, Christophe",
  year="2011",
  note="SRON-G/HIFI/TR/2011-0xx issue 1.0",
  institution="SRON"
}

@inproceedings{jackson2002hifi,
  title="The {HIFI} {F}ocal {P}lane {U}nit",
  author="Jackson, B. D. and Wildeman, K. J. and Whyborn, N. D.",
  booktitle="Proc. 13th International Symposium on Space Terahertz Technology",
  pages="339--348",
  year="2002"
}

@book{higgins2011,
  title="Advanced optical calibration of the herschel hifi heterodyne receiver",
  author="Higgins, D. R.",
  year="2011",
  publisher={NUI Maynooth}
}

@manual{hifiobserversmanual,
    title="HIFI Observers' Manual",
    organization="HIFI Instrument Control Center",
    edition="version 2.4",
    year="2011",
    note="HERSCHEL-HSC-DOC-0784"
}

comment{===========================  Mathematics  ===========================}
@ONLINE{johndcook_dontinvertthatmatrix,
  author="Cook, John D.",
  url="http://www.johndcook.com/blog/2010/01/19/dont-invert-that-matrix/",
  title="Don't invert that matrix",
  yeah="2010",
  month="jan",
}

@book{eves2012elementary,
  title={Elementary Matrix Theory},
  author={Eves, H.},
  isbn={9780486150277},
  lccn={79056333},
  series={Dover Books on Mathematics},
  year={2012},
  publisher={Dover Publications}
}

@article{li2001generalized,
  title="Generalized homogeneous coordinates for computational geometry",
  author="Li, Hongbo and Hestenes, David and Rockwood, Alyn",
  journal="Geometric Computing with Clifford Algebra",
  volume="24",
  pages="27--60",
  year="2001",
  publisher="Springer-Verlag, New York"
}

@article{butterworth1930theory,
  title={On the theory of filter amplifiers},
  author={Butterworth, Stephen},
  journal={Wireless Engineer},
  volume={7},
  pages={536--541},
  year={1930}
}

@book{hamilton1866elements,
  title={Elements of quaternions},
  author={Hamilton, William Rowan and Hamilton, William Edwin},
  year={1866},
  publisher={London: Longmans, Green, \& Company}
}



comment{===========================  S140  ===========================}

@article{maud2013s140,
  title={High angular resolution millimetre continuum observations and modelling of S140-IRS1},
  author={Maud, Luke T and Hoare, Melvin G and Gibb, Andy G and Shepherd, Debra and Indebetouw, Rémy},
  journal={Monthly Notices of the Royal Astronomical Society},
  volume={428},
  number={1},
  pages={609--624},
  year={2013},
  publisher={Oxford University Press}
}

@article{demuizon1980,
  title={Far infrared study of molecular clouds-Dust temperature profiles in S 140, IC 1396, RCrA},
  author={De Muizon, M and Rouan, D and Lena, P and Nicollier, C and Wijnbergen, J},
  journal={A\&A},
  volume={83},
  pages={140--148},
  year={1980}
}

comment{===========================  PACS ==========================}

@article{poglitsch2010photodetector,
  title={The Photodetector Array Camera and Spectrometer (PACS) on the Herschel Space Observatory},
  author={Poglitsch, A and Waelkens, C and Geis, N and Feuchtgruber, H and Vandenbussche, B and Rodriguez, L and Krause, O and Renotte, E and van Hoof, C and Saraceno, P and others},
  journal={A\&A},
  volume={518},
  pages={L2},
  year={2010},
  publisher={EDP Sciences}
}


@ARTICLE{2013A&A...552A.141K,
   author = {{Karska}, A. and {Herczeg}, G.~J. and {van Dishoeck}, E.~F. and 
	{Wampfler}, S.~F. and {Kristensen}, L.~E. and {Goicoechea}, J.~R. and 
	{Visser}, R. and {Nisini}, B. and {San Jos{\'e}-Garc{\'{\i}}a}, I. and 
	{Bruderer}, S. and {{\'S}niady}, P. and {Doty}, S. and {Fedele}, D. and 
	{Y{\i}ld{\i}z}, U.~A. and {Benz}, A.~O. and {Bergin}, E. and 
	{Caselli}, P. and {Herpin}, F. and {Hogerheijde}, M.~R. and 
	{Johnstone}, D. and {J{\o}rgensen}, J.~K. and {Liseau}, R. and 
	{Tafalla}, M. and {van der Tak}, F. and {Wyrowski}, F.},
    title = "{Water in star-forming regions with Herschel (WISH). III. Far-infrared cooling lines in low-mass young stellar objects}",
  journal = {A\&A},
archivePrefix = "arXiv",
   eprint = {1301.4821},
 primaryClass = "astro-ph.SR",
 keywords = {ISM, ISM: jets and outflows, stars: protostars, molecular processes, astrochemistry},
     year = 2013,
    month = apr,
   volume = 552,
      eid = {A141},
    pages = {A141},
      doi = {10.1051/0004-6361/201220028},
   adsurl = {http://adsabs.harvard.edu/abs/2013A%26A...552A.141K},
  adsnote = {Provided by the SAO/NASA Astrophysics Data System}
}

@ARTICLE{2010A&A...518L.100M,
   author = {{Molinari}, S. and {Swinyard}, B. and {Bally}, J. and {Barlow}, M. and 
	{Bernard}, J.-P. and {Martin}, P. and {Moore}, T. and {Noriega-Crespo}, A. and 
	{Plume}, R. and {Testi}, L. and {Zavagno}, A. and {Abergel}, A. and 
	{Ali}, B. and {Anderson}, L. and {Andr{\'e}}, P. and {Baluteau}, J.-P. and 
	{Battersby}, C. and {Beltr{\'a}n}, M.~T. and {Benedettini}, M. and 
	{Billot}, N. and {Blommaert}, J. and {Bontemps}, S. and {Boulanger}, F. and 
	{Brand}, J. and {Brunt}, C. and {Burton}, M. and {Calzoletti}, L. and 
	{Carey}, S. and {Caselli}, P. and {Cesaroni}, R. and {Cernicharo}, J. and 
	{Chakrabarti}, S. and {Chrysostomou}, A. and {Cohen}, M. and 
	{Compiegne}, M. and {de Bernardis}, P. and {de Gasperis}, G. and 
	{di Giorgio}, A.~M. and {Elia}, D. and {Faustini}, F. and {Flagey}, N. and 
	{Fukui}, Y. and {Fuller}, G.~A. and {Ganga}, K. and {Garcia-Lario}, P. and 
	{Glenn}, J. and {Goldsmith}, P.~F. and {Griffin}, M. and {Hoare}, M. and 
	{Huang}, M. and {Ikhenaode}, D. and {Joblin}, C. and {Joncas}, G. and 
	{Juvela}, M. and {Kirk}, J.~M. and {Lagache}, G. and {Li}, J.~Z. and 
	{Lim}, T.~L. and {Lord}, S.~D. and {Marengo}, M. and {Marshall}, D.~J. and 
	{Masi}, S. and {Massi}, F. and {Matsuura}, M. and {Minier}, V. and 
	{Miville-Desch{\^e}nes}, M.-A. and {Montier}, L.~A. and {Morgan}, L. and 
	{Motte}, F. and {Mottram}, J.~C. and {M{\"u}ller}, T.~G. and 
	{Natoli}, P. and {Neves}, J. and {Olmi}, L. and {Paladini}, R. and 
	{Paradis}, D. and {Parsons}, H. and {Peretto}, N. and {Pestalozzi}, M. and 
	{Pezzuto}, S. and {Piacentini}, F. and {Piazzo}, L. and {Polychroni}, D. and 
	{Pomar{\`e}s}, M. and {Popescu}, C.~C. and {Reach}, W.~T. and 
	{Ristorcelli}, I. and {Robitaille}, J.-F. and {Robitaille}, T. and 
	{Rod{\'o}n}, J.~A. and {Roy}, A. and {Royer}, P. and {Russeil}, D. and 
	{Saraceno}, P. and {Sauvage}, M. and {Schilke}, P. and {Schisano}, E. and 
	{Schneider}, N. and {Schuller}, F. and {Schulz}, B. and {Sibthorpe}, B. and 
	{Smith}, H.~A. and {Smith}, M.~D. and {Spinoglio}, L. and {Stamatellos}, D. and 
	{Strafella}, F. and {Stringfellow}, G.~S. and {Sturm}, E. and 
	{Taylor}, R. and {Thompson}, M.~A. and {Traficante}, A. and 
	{Tuffs}, R.~J. and {Umana}, G. and {Valenziano}, L. and {Vavrek}, R. and 
	{Veneziani}, M. and {Viti}, S. and {Waelkens}, C. and {Ward-Thompson}, D. and 
	{White}, G. and {Wilcock}, L.~A. and {Wyrowski}, F. and {Yorke}, H.~W. and 
	{Zhang}, Q.},
    title = "{Clouds, filaments, and protostars: The Herschel Hi-GAL Milky Way}",
  journal = {A\&A},
archivePrefix = "arXiv",
   eprint = {1005.3317},
 primaryClass = "astro-ph.GA",
 keywords = {stars: formation, ISM: structure, ISM: clouds, Galaxy: general},
     year = 2010,
    month = jul,
   volume = 518,
      eid = {L100},
    pages = {L100},
      doi = {10.1051/0004-6361/201014659},
   adsurl = {http://adsabs.harvard.edu/abs/2010A%26A...518L.100M},
  adsnote = {Provided by the SAO/NASA Astrophysics Data System}
}

comment{===========================  SPIRE  ===========================}

@article{griffin2010herschel,
  title={The Herschel-SPIRE instrument and its in-flight performance},
  author={Griffin, MJ and Hristov, V and Lange, AE and Latter, W and Levenson, L and Lu, N and Schulz, B and Schwartz, A and Shupe, DL and Xu, CK and others},
  journal={A\&A},
  volume={518},
  pages={L3},
  year={2010},
  publisher={EDP Sciences}
}

comment{===========================  Software  ===========================}

@article{turing1948rounding,
  title={Rounding-off errors in matrix processes},
  author={Turing, Alan M},
  journal={The Quarterly Journal of Mechanics and Applied Mathematics},
  volume={1},
  number={1},
  pages={287--308},
  year={1948},
  publisher={Oxford Univ Press}
}

@article{dongarra2001recursive,
  title={Recursive approach in sparse matrix LU factorization},
  author={Dongarra, Jack and Eijkhout, Victor and {\L}uszczek, Piotr},
  journal={Scientific Programming},
  volume={9},
  number={1},
  pages={51--60},
  year={2001},
  publisher={IOS Press}
}



@book{lapack,
      AUTHOR = {Anderson, E. and Bai, Z. and Bischof, C. and
                Blackford, S. and Demmel, J. and Dongarra, J. and
                Du Croz, J. and Greenbaum, A. and Hammarling, S. and
                McKenney, A. and Sorensen, D.},
      TITLE = {{LAPACK} Users' Guide},
      EDITION = {Third},
      PUBLISHER = {Society for Industrial and Applied Mathematics},
      YEAR = {1999},
      ADDRESS = {Philadelphia, PA},
      ISBN = {0-89871-447-8 (paperback)} }

@Misc{python,
  title  = {Python programming language},
  author = {{Python software foundation}},
  year   = {1991--},
  url    = "http://www.python.org/",
}

@Misc{scipy,
  title  = {{SciPy}: Open source scientific tools for {Python}},
  author = {Eric Jones and Travis Oliphant and Pearu Peterson and others},
  year   = {2001--},
  url    = "http://www.scipy.org/",
}

@MISC{octave:2014,
     author = {{Octave community}},
     keywords = {Octave,Software},
     title = {{GNU Octave 3.8.1}},
     url = {www.gnu.org/software/octave/},
     year = {2014}
     }

@misc{opengl,
    title = "OpenGL, the industry's foundation for high performance graphics",
    author= {{Khronos Group}},
    url   = "http://www.opengl.org/",
}

@misc{opencl,
    title = "OpenCL, the open standard for parallel programming of heterogeneous systems",
    author= {{Khronos Group}},
    url   = "http://www.khronos.org/opencl/",
}

@article{cuda,
 author = {Nickolls, John and Buck, Ian and Garland, Michael and Skadron, Kevin},
 title = {Scalable Parallel Programming with CUDA},
 journal = {Queue},
 issue_date = {March/April 2008},
 volume = {6},
 number = {2},
 month = mar,
 year = {2008},
 issn = {1542-7730},
 pages = {40--53},
 numpages = {14},
 url = {http://doi.acm.org/10.1145/1365490.1365500},
 doi = {10.1145/1365490.1365500},
 acmid = {1365500},
 publisher = {ACM},
 address = {New York, NY, USA},
} 

@INPROCEEDINGS{gnudatalanguage,
   author = {{Coulais}, A. and {Schellens}, M. and {Arabas}, S. and {Lenoir}, M. and 
	{Noreskal}, L. and {Erard}, S.},
    title = "{Space Missions: Long Term Preservation of IDL-based Software using GDL}",
booktitle = {Astronomical Data Analysis Software and Systems XXI},
     year = 2012,
   series = {Astronomical Society of the Pacific Conference Series},
   volume = 461,
   editor = {{Ballester}, P. and {Egret}, D. and {Lorente}, N.~P.~F.},
    month = sep,
    pages = {615},
   adsurl = {http://cdsads.u-strasbg.fr/abs/2012ASPC..461..615C},
  adsnote = {Provided by the SAO/NASA Astrophysics Data System}
}



@article{vandertak2007radex,
	author = {{F. F. S. van der Tak} and {J. H. Black} and {F. L. Schöier} and {D. J. Jansen} and {E. F. van Dishoeck}},
	title = {A computer program for fast non-LTE analysis   of interstellar line spectra},
	DOI= "10.1051/0004-6361:20066820",
	url= "http://dx.doi.org/10.1051/0004-6361:20066820",
	journal = {A\&A},
	year = 2007,
	volume = 468,
	number = 2,
	pages = "627-635",
	month = "",
}

@article{schoier2004leidenmoldb,
   author = {{Sch{\"o}ier}, F.~L. and {van der Tak}, F.~F.~S. and {van Dishoeck}, E.~F. and 
	{Black}, J.~H.},
    title = "{An atomic and molecular database for analysis of submillimetre line observations}",
  journal = {A\&A},
   eprint = {astro-ph/0411110},
 keywords = {astronomical data bases: miscellaneous, atomic data, molecular data, radiative transfer, ISM: atoms, ISM: molecules},
     year = 2005,
    month = mar,
   volume = 432,
    pages = {369-379},
      doi = {10.1051/0004-6361:20041729},
   adsurl = {http://esoads.eso.org/abs/2005A%26A...432..369S},
  adsnote = {Provided by the SAO/NASA Astrophysics Data System}
}

@inproceedings{Anderson:1990:LPL:110382.110385,
 author = {Anderson, E. and Bai, Z. and Dongarra, J. and Greenbaum, A. and McKenney, A. and Du Croz, J. and Hammerling, S. and Demmel, J. and Bischof, C. and Sorensen, D.},
 title = {LAPACK: a portable linear algebra library for high-performance computers},
 booktitle = {Proceedings of the 1990 ACM/IEEE conference on Supercomputing},
 series = {Supercomputing '90},
 year = {1990},
 isbn = {0-89791-412-0},
 location = {New York, New York, USA},
 pages = {2--11},
 numpages = {10},
 acmid = {110385},
 publisher = {IEEE Computer Society Press},
 address = {Los Alamitos, CA, USA},
} 

comment{===========================  Misc  ===========================}

@unpublished{delforge_2014_phdthesis,
    title="The effect of standing waves on the calibration of heterodyne receivers",
    author = "Bertrand Delforge",
    note="{P}h.D.\ thesis, Kapteyn astronomical institute, Groningen, The Netherlands",
    year={2014 (in preparation)},
}

@unpublished{delforge2013,
  author="Delforge, B. and Pearson, J. and Roelfsema, P. and Verheijen, M.",
  title="Understanding standing waves by network modeling, HIFI untangled and Prospects for Future Instrumentation",
  note="Submitted to IEEE transactions on terahertz science and technology",
  year="2013"
}

@article{IEEE2002dictionary,
  title={The Authoritative Dictionary of IEEE Standards Terms Seventh Edition},
  journal={IEEE Std 100-2000},
  year={2000},
}

@article{mills2006redefinition,
  title={Redefinition of the kilogram, ampere, kelvin and mole: a proposed approach to implementing CIPM recommendation 1 (CI-2005)},
  author={Mills, Ian M and Mohr, Peter J and Quinn, Terry J and Taylor, Barry N and Williams, Edwin R},
  journal={Metrologia},
  volume={43},
  number={3},
  pages={227},
  year={2006},
  publisher={IOP Publishing}
}

@proceedings{resolutioncgpm2014,
    title="Resolutions adopted by the CGPM at its 25\textsuperscript{th} meeting (18-20 November 2014)",
    year="2014",
    url="http://www.bipm.org/utils/common/pdf/CGPM-2014/25th-CGPM-Resolutions.pdf"
}

@article{spencer1962general,
  title={General ray-tracing procedure},
  author={Spencer, GH and Murty, MVRK},
  journal={JOSA},
  volume={52},
  number={6},
  pages={672--676},
  year={1962},
  publisher={Optical Society of America}
}


@book{nahin2002oliver,
  title={Oliver Heaviside: The Life, Work, and Times of an Electrical Genius of the Victorian Age},
  author={Nahin, P.J.},
  isbn={9780801869099},
  lccn={2001038916},
  series={Oliver Heaviside},
  url={http://books.google.co.uk/books?id=e9wEntQmA0IC},
  year={2002},
  publisher={Johns Hopkins University Press}
}
