/home/delforge/standingwaves/thesis/latex/bibliography.bib